@misc{panda-spec,
    url = {https://frankaemika.github.io/docs/control_parameters.html},
    title = {Robot and interface specifications}
}
@misc{wiki-denavit-hartenberg,
    url = {https://en.wikipedia.org/wiki/Denavit%E2%80%93Hartenberg_parameters#Modified_DH_parameters},
    title = {Modified Denavit-Hartenberg Parameters}
}
@misc{scipy-slsqp,
    url = {https://docs.scipy.org/doc/scipy/reference/optimize.minimize-slsqp.html#optimize-minimize-slsqp},
    title = {SciPy SLSQP Minimization}
}